
@article{MM02,
  author = {Petar Maymounkov and David Mazi{\`e}res},
  title  = {Kademlia: A Peer-to-Peer Information System Based on the {XOR} Metric},
  journal = {Peer-to-Peer Systems},
  year   = {2002},
}

@book{JD08,
  author = {John Day},
  title  = {Patterns in Network Architecture: A Return to Fundamentals},
  year   = {2008},
  publisher = {Prentice Hall},
}

@article{MHG15,
  author = {Y. Marcus and E. Heilman and S. Goldberg},
  title  = {Low-Resource Eclipse Attacks on Ethereum's Peer-to Peer Network},
  journal = {24th USENIX Security Symposium},
  year   = {2015},
}

@article{MJ15,
  author = {Andrew Miller and Rob Jansen},
  title  = {Shadow-Bitcoin: Scalable Simulation via Direct Execution of Multi-threaded Applications},
  journal = {8th Workshop on Cyber Security Experimentation and Test},
  year   = {2015},
}

@article{BGKR17,
  author = {David Bernado and Peter Gaži and Aggelos Kiayias and Alexander Russell},
  title  = {Ouroboros Praos: An adaptively-secure, semi-synchronous proof-of-stake blockchain},
  year   = {2017},
}

@article{BGKRZ19,
  author = {Christian Badertscher and Peter Gaži and Aggelos Kiayias and Alexander Russell and and Vassilis Zikas},
  title  = {Ouroboros Genesis: Composable Proof-of-Stake Blockchains with Dynamic Availability},
  year   = {2019},
}

@article{SSVV12,
  author = {Vinay Setty and Maarten {van Steen} and Roman Vitenberg and Spyros Voulgaris},
  title  = {PolderCast: Fast, Robust, and Scalable Architecture for {P2P} Topic-Based Pub/Sub},
  year   = {2012},
}

@article{DW13,
  author = {Christian Decker and Roger Wattenhofer},
  title  = {Information Propagation in the Bitcoin Network},
  year   = {2013},
  url    = {https://tik-old.ee.ethz.ch/file//49318d3f56c1d525aabf7fda78b23fc0/P2P2013_041.pdf}
}

@article{VFV17,
  author = {Shaileshh Bojja Venkatakrishnan and Giulia Fanti and Pramod Viswanath},
  title  = {Dandelion: Redesigning the Bitcoin Network for Anonymity},
  journal = {SIGMETRICS'17},
  year   = {2017},
}

@article{M15,
  author = {A. Malatras},
  title  = {State of the art survey on {P2P} overlay networks in pervasive computing environments},
  journal = {Elsevier Journal of Network and Computer Applications},
  year   = {2015},
}

@article{RS14,
  author = {K. Ramalakshmi and P. K. Sasikumaar},
  title  = {Study on security and Quality of Service implementations in {P2P} Overlay Network for efficient content distribution},
  journal = {International Journal of Research in Engineering and Technology},
  year   = {2014},
}

@misc{S19,
  author = {Matthew Slippe},
  title  = {A Study of Libp2p and {ETH2}},
  year   = {2019},
  url    = {https://docs.google.com/document/d/17OMi1MedOetF4Febijsc6KvGeNZdDQMb0yeC4QixOxw/}
}

@article{MA13,
  author = {A. Mohammadi and B. Akbari},
  title  = {Design a peer to peer overlay protocol for mobility management of mobile nodes using Bluetooth media},
  journal = {International Conference on Computing, Communications and Networking Technologies},
  year   = {2013},
}

@misc{N18,
  author = {Till Neudecker},
  title  = {Characterization of the Bitcoin Peer-to-Peer Network},
  year   = {2015-2018},
  url    = {https://dsn.tm.kit.edu/bitcoin/publications/bitcoin_network_characterization.pdf},
  note   = {associated data \url{https://dsn.tm.kit.edu/bitcoin/\#propagation}, sampled only in Germany}
}

@misc{Mills12,
  author = {David L. Mills},
  title  = {Executive Summary: Computer Network Time Synchronization},
  year   = {2012},
  url    = {https://www.eecis.udel.edu/~mills/exec.html}
}

@misc{RFC7164,
  author = {K. Gross and R. van Brandenburg},
  title  = {{RFC7164}: {RTP} and Leap Seconds},
  year   = {2014},
  url    = {https://tools.ietf.org/html/rfc7164}
}

@misc{Malone16,
  author = {David Malone},
  title  = {The Leap Second Behaviour of {NTP} Servers},
  journal = {Traffic Monitoring and Analysis workshop},
  year   = {2016},
  url    = {https://web.archive.org/web/20161023201948/http://tma.ifip.org/2016/papers/tma2016-final27.pdf}
}

@article{CV18,
  author = {Yi Cao and Darryl Veitch},
  title  = {Network Timing, Weathering the 2016 Leap Second},
  journal = {IEEE Infocom},
  year   = {2016},
}

@book{Watts99,
  author = {Duncan J Watts},
  title  = {Small Worlds: The Dynamics of Networks between Order and Randomness},
  publisher = {Princeton University Press},
  year   = {1999},
}

@book{Marlow13,
  author = {Simon Marlow},
  title  = {Parallel and Concurrent Programming in Haskell},
  publisher = {O'Reilly Media, Inc.},
  year   = {2013},
}

@article{H93,
  author = {Kohei Honda},
  title  = {Types for dyadic interaction},
  journal = {CONCUR'93},
  year   = {1993},
}

@article{THK94,
  author = {K. Takeuchi and K. Honda and M. Kubo},
  title  = {An interaction-based language and its typing system},
  journal = {PARLE'94 Parallel Architectures and Languages Europe},
  year   = {1994},
}

@article{HVK98,
  author = {K. Honda and V.T. Vasconcelos and M. Kubo},
  title  = {Language primitives and type discipline for structured communication-based programming},
  journal = {Programming Languages and Systems. ESOP},
  year   = {1998},
}

@article{MV11,
  author = {D. Mostrous and V.T. Vasconcelos},
  title  = {Session Typing for a Featherweight Erlang},
  journal = {Coordination Models and Languages. COORDINATION 2011},
  year   = {2011},
}

@misc{MHG18,
  author = {Yuval Marcus and Ethan Heilman and and Sharon Goldberg},
  title  = {Low-Resource Eclipse Attacks on Ethereum's Peer-to-Peer Network},
  year   = {2018},
  url    = {https://www.cs.bu.edu/~goldbe/projects/eclipseEth.pdf}
}

@article{CBTBC19,
  author = {Nakul Chawla and Hans Walter Behrens and Darren Tapp and Dragan Boscovic and K. Selcuk Candan},
  title  = {Velocity: Scalability Improvements in Block Propagation Through Rateless Erasure Coding},
  year   = {2019},
  url    = {http://www.public.asu.edu/~hwbehren/papers/icbc-2019-velocity.pdf}
}

@article{Comp20,
  author = {Peter Thompson and Neil Davies},
  title  = {Towards a RINA-Based Architecture for Performance Management of Large-Scale Distributed Systems},
  journal = {Computers},
  year   = {2020},
  url    = {https://doi.org/10.3390/computers9020053}
}

