@book{stevens2003unix,
  title={UNIX Network Programming},
  volume={1},
  series={Addison-Wesley Professional Computing Series},
  author={Stevens, W.R. and Fenner, B. and Rudoff, A.M.},
  year={2003},
  publisher={Addison-Wesley Professional},
  isbn={0131411551},
  note={\url{https://learning.oreilly.com/library/view/the-sockets-networking/0131411551}}
}
@techreport{RFC1122,
  author = {Robert Braden},
  title = {Requirements for Internet Hosts - Communication Layers},
  howpublished = {Internet Requests for Comments},
  type = {STD},
  number = {3},
  year = {1989},
  month = {October},
  issn = {2070-1721},
  publisher = {RFC Editor},
  institution = {RFC Editor},
  url = {http://www.rfc-editor.org/rfc/rfc1122.txt},
  note = {\url{http://www.rfc-editor.org/rfc/rfc1122.txt}},
}
